@book{martelli2006python,
  title={Python in a Nutshell},
  author={Martelli, Alex},
  year={2006},
  publisher={O'Reilly Media, Inc.}
}

@misc{python_doc_functional,
  title = {{Functional Programming HOWTO - Python v2.7.6 documentation}},
  author = {A. M. Kuchling},
  howpublished = {\url{https://docs.python.org/2.7/howto/functional.html}}
}

@misc{python_doc_why,
  title = {{Why was Python created in the first place?}},
  howpublished = {\url{https://docs.python.org/2/faq/general.html#why-was-python-created-in-the-first-place}}
}

@misc{wikipediaEN_history_python,
  title = {{Wikipedia -- History of Python}},
  howpublished = {\url{http://en.wikipedia.org/wiki/History_of_Python}}
}

@misc{ZenPython,
  title = {{PEP 20 -- The Zen of Python}},
  howpublished = {\url{http://legacy.python.org/dev/peps/pep-0020/}}
}

@misc{python_pep0289,
  title = {{PEP 289 -- Generator Expressions}},
  howpublished = {\url{http://legacy.python.org/dev/peps/pep-0289/}}
}

@misc{wikipediaEN_python_syntax_semantics,
  title = {{Wikipedia -- Python syntax and semantics}},
  howpublished = {\url{http://en.wikipedia.org/wiki/Python_syntax_and_semantics}}
}

@misc{mikewatkins_metaclasses,
  title = {{Python 2 and 3: Metaclasses}},
  howpublished = {\url{http://mikewatkins.ca/2008/11/29/python-2-and-3-metaclasses/}}
}
%%%%%%%%%%

@misc{wikipediaEN_python,
  title = {Python (programming language)},
  howpublished = {\url{http://en.wikipedia.org/wiki/Python_(programming_language)}}
}

@misc{wikipediaEN_duck_typing_python,
  title = {{Wikipedia -- Duck typing}},
  howpublished = {\url{http://en.wikipedia.org/wiki/Duck_typing#In_Python}}
}

@misc{python_applications,
  title = {{Applications for Python | Python.org}},
  howpublished = {\url{https://www.python.org/about/apps/}}
}

@misc{assembleforce,
  title = {{Reflection in Python | Assembleforce.com}},
  howpublished = {\url{http://www.assembleforce.com/2012-08/reflection-in-python.h}}
}

@misc{python_datamodel,
  title = {{3. Data model -- Python v2.7.6 documentation}},
  howpublished = {\url{https://docs.python.org/2/reference/datamodel.html}}
}

@misc{dynamic_lang_study,
  title = {{Programming Languages}},
  howpublished = {\url{http://www.cs.jhu.edu/~scott/pl/lectures/dynamic-lang-study.shtml}}
}

@article{mendez2011computational,
  title={Computational Reflection in order to support Context-Awareness in a Robotics Framework},
  author={Mendez, Sheila and Ortin, Francisco and Garcia, Miguel and Garc{\i}a-D{\i}az, Vicente},
  year={2011}
}

@misc{zetcode_introspection,
  title = {{Introspection in Python}},
  howpublished = {\url{http://zetcode.com/lang/python/introspection/}}
}

@misc{python_doc_inspect,
  title = {{Python documentation: the inspect module}},
  howpublished = {\url{https://docs.python.org/2/library/inspect.html}}
}

@misc{python_doc_functions,
  title = {{Python documentation: built-in functions}},
  howpublished = {\url{https://docs.python.org/2/library/functions.html}}
}

%%% Killer-app : Youtube
@misc{google_reflection_references,
  title = {{Google references for developers: reflection}},
  howpublished = {\url{https://developers.google.com/protocol-buffers/docs/reference/python/index?hl=i}}
}

@misc{google_reflection_tutorial,
  title = {{Google tutorials for developers: protocol buffers with reflection}},
  howpublished = {\url{https://developers.google.com/protocol-buffers/docs/pythontutorial}}
}

%

@misc{Russel_MOP,
  title = {{Presentation: what we need to know about Python}},
  howpublished = {\url{http://www.russel.org.uk/Presentations/skillsMatter_Python_inTheBrain_2011-08-02.pdf}}
}
